@INPROCEEDINGS{siami-namini-et-al,
  author={Siami-Namini, Sima and Tavakoli, Neda and Namin, Akbar Siami},
  booktitle={2019 IEEE International Conference on Big Data (Big Data)}, 
  title={The Performance of LSTM and BiLSTM in Forecasting Time Series}, 
  year={2019},
  volume={},
  number={},
  pages={3285-3292},
  doi={10.1109/BigData47090.2019.9005997}
  }